@book{hatcher-2001,
  title     = {Algebraic Topology},
  author    = {Allen Hatcher},
  edition   = {1},
  year      = {2001},
  pagetotal = {544+xii},
  publisher = {Cambridge University Press},
  isbn      = {978-0-521-79540},
  url       = {https://pi.math.cornell.edu/~hatcher/AT/ATpage.html}
}
